
@article{mochi_aleman_movimiento_2015,
  title    = {El movimiento del software libre},
  volume   = {45},
  issn     = {2448-492X, 0185-1918},
  url      = {http://www.revistas.unam.mx/index.php/rmcpys/article/view/48320},
  doi      = {10.22201/fcpys.2448492xe.2002.185.48320},
  abstract = {El objetivo de este trabajo es describir el surgimiento y desarrollo del movimiento de software libre. Para ello se analizan algunas características importantes que dan cuenta del origen y desarrollo del mismo, así como de sus momentos más críticos y sus tensiones, sus desafíos y sus retos. Otra de las grandes inquietudes de este trabajo, es intentar descifrar cómo el movimiento del software libre y Linux, en su versión más conocida, sobrevivieron y se afirmaron hasta llegar a constituir una verdadera alternativa frente a las grandes empresas de la alta tecnología.},
  number   = {185},
  urldate  = {2025-04-21},
  journal  = {Revista Mexicana de Ciencias Políticas y Sociales},
  author   = {Mochi Alemán, Prudencio Óscar},
  month    = apr,
  year     = {2015}
}

@book{stallman_free_2002,
  address    = {Boston, Mass},
  edition    = {1st. ed},
  title      = {Free software, free society: selected essays},
  isbn       = {978-1-882114-98-6},
  shorttitle = {Free software, free society},
  language   = {eng},
  publisher  = {Free Software Foundation},
  author     = {Stallman, Richard and Stallman, Richard M.},
  editor     = {Gay, Joshua},
  year       = {2002}
}

@book{campbell-kelly_computer_1996,
  address    = {New York},
  title      = {Computer: a history of the information machine},
  isbn       = {978-0-465-02989-1},
  shorttitle = {Computer},
  language   = {eng},
  publisher  = {BasicBooks},
  author     = {Campbell-Kelly, Martin and Aspray, William},
  year       = {1996}
}

@book{torvalds_just_2002,
  address    = {New York},
  edition    = {1. HarperBusiness paperback ed},
  title      = {Just for fun: the story of an accidental revolutionary},
  isbn       = {978-0-06-662073-2},
  shorttitle = {Just for fun},
  language   = {eng},
  publisher  = {Harper},
  author     = {Torvalds, Linus and Diamond, David},
  year       = {2002}
}

@book{gutierrez_pensar_2021,
  author    = {Gutierrez Reto, Matías},
  title     = {Piensa Abierto: Una historia social del software de Código Abierto y Libre},
  edition   = {1st},
  publisher = {Kindle Direct Publishing},
  year      = {2021},
  isbn      = {979-8463215178}
}
